@misc{tau,
	title={$\tau$-tilting theory}, 
	author={Takahide Adachi and Osamu Iyama and Idun Reiten},
	year={2013},
	eprint={1210.1036},
	archivePrefix={arXiv},
	primaryClass={math.RT}
}

@misc{buantau2020,
	title={$\tau$-exceptional sequences}, 
	author={Aslak Bakke Buan and Bethany Marsh},
	year={2020},
	eprint={1802.01169},
	archivePrefix={arXiv},
	primaryClass={math.RT}
}

@misc{mendoza2020stratifying,
	title={Stratifying systems through $\tau$-tilting theory}, 
	author={Octavio Mendoza and Hipolito Treffinger},
	year={2020},
	eprint={1904.11903},
	archivePrefix={arXiv},
	primaryClass={math.RT}
}